<record xmlns='http://www.loc.gov/MARC21/slim'><leader>01237cim a22003132u 4500</leader><controlfield tag='001'>3602006</controlfield><controlfield tag='005'>20151214183013.0</controlfield><controlfield tag='007'>ss|lmnjluz|nuu</controlfield><controlfield tag='008'>991101s1988    nyunnn         l    eng d</controlfield><datafield ind1=' ' ind2=' ' tag='035'><subfield code='a'>(NIC)notisASF9071</subfield></datafield><datafield ind1=' ' ind2=' ' tag='035'><subfield code='a'>3602006</subfield></datafield><datafield ind1=' ' ind2=' ' tag='035'><subfield code='a'>(OCoLC)63898629</subfield></datafield><datafield ind1=' ' ind2=' ' tag='040'><subfield code='a'>NIC</subfield><subfield code='c'>NIC</subfield><subfield code='d'>NIC</subfield><subfield code='d'>NIC</subfield></datafield><datafield ind1='1' ind2=' ' tag='100'><subfield code='a'>Evans, Robin,</subfield><subfield code='d'>1944-1993.</subfield></datafield><datafield ind1='1' ind2='0' tag='245'><subfield code='a'>Architecture and its three geometries</subfield><subfield code='h'>[sound recording]</subfield></datafield><datafield ind1=' ' ind2=' ' tag='260'><subfield code='c'>1988.</subfield></datafield><datafield ind1=' ' ind2=' ' tag='300'><subfield code='a'>1 sound cassette (90 min.) :</subfield><subfield code='b'>analog, mono.</subfield></datafield><datafield ind1=' ' ind2=' ' tag='500'><subfield code='a'>Recorded in Ithaca, NY by Cornell University.</subfield></datafield><datafield ind1=' ' ind2=' ' tag='500'><subfield code='a'>Speaker(s): British scholar, currently a visiting professor at Harvard.</subfield></datafield><datafield ind1=' ' ind2=' ' tag='518'><subfield code='a'>Lecture, November 4, 1988.</subfield></datafield><datafield ind1=' ' ind2=' ' tag='520'><subfield code='a'>Evans explains what he sees as the three phases of fragmentation in 20th century architecture:  cubism and its application to architecture, function and the humanizing of architectural firm, and the decentering of the subject.</subfield></datafield><datafield ind1=' ' ind2='0' tag='650'><subfield code='a'>Architecture.</subfield></datafield><datafield ind1=' ' ind2='0' tag='650'><subfield code='a'>Geometry.</subfield></datafield><datafield ind1=' ' ind2='7' tag='650'><subfield code='a'>Architecture</subfield><subfield code='2'>fast</subfield><subfield code='0'>(OCoLC)fst00813346</subfield></datafield><datafield ind1=' ' ind2='7' tag='650'><subfield code='a'>Geometry</subfield><subfield code='2'>fast</subfield><subfield code='0'>(OCoLC)fst00940864</subfield></datafield><datafield ind1=' ' ind2='0' tag='830'><subfield code='a'>Preston H. Thomas memorial lectures.</subfield></datafield><datafield ind1='1' ind2=' ' tag='899'><subfield code='a'>CULectures</subfield></datafield><datafield ind1=' ' ind2=' ' tag='905'><subfield code='a'>20000224120000.0</subfield></datafield><datafield ind1='2' ind2=' ' tag='948'><subfield code='a'>20141221</subfield><subfield code='b'>m</subfield><subfield code='d'>batch</subfield><subfield code='e'>lts</subfield><subfield code='x'>addfast</subfield></datafield></record>